@misc{SuiteFibo,
    title = {{Suite de Fibonacci}},
    howpublished = "\url{https://fr.wikipedia.org/wiki/Suite_de_Fibonacci}",
    note = "[En ligne; date d'accès 20-03-2017]"
}

@misc{IoC,
    title = {{IoC}},
    howpublished = "\url{https://en.wikipedia.org/wiki/Model\%E2\%80\%93view\%E2\%80\%93viewmodel}",
    note = "[En ligne; date d'accès 19-04-2017]"
}

@misc{MVVM,
    title = {{MVVM}},
    howpublished = "\url{https://en.wikipedia.org/wiki/Inversion_of_control}",
    note = "[En ligne; date d'accès 19-04-2017]"
}

@misc{PatternArchitectural,
    title = {{Pattern Architectural}},
    howpublished = "\url{http://masig.ensg.eu/PDF/Patrons\%20d\%27architecture.pdf}",
    note = "[En ligne; date d'accès 19-04-2017]"
}

@misc{Java,
    title = {{Java}},
    howpublished = "\url{https://fr.wikipedia.org/wiki/Java}",
    note = "[En ligne; date d'accès 11-04-2017]"
}

@misc{Tomcat,
    title = {{Tomcat}},
    howpublished = "\url{https://fr.wikipedia.org/wiki/Apache_Tomcat}",
    note = "[En ligne; date d'accès 10-04-2017]"
}

@misc{Jira,
    title = {{Jira}},
    howpublished = "\url{https://fr.wikipedia.org/wiki/Jira}",
    note = "[En ligne; date d'accès 07-04-2017]"
}

@misc{ComplexiteScrum,
    title = {{Story points}},
    howpublished = "\url{http://blog.neoxia.com/story-points-5-minutes-pour-comprendre/}",
    note = "[En ligne; date d'accès 20-03-2017]"
}

@misc{Backlog,
    title = {{Backlog produit}},
    howpublished = "\url{salihayacoub.com/420-ka6/2013Theorie/Backolg.pdf}",
    note = "[En ligne; date d'accès 20-03-2017]"
}

@misc{ICP,
    title = {{Indicateur clé de performance}},
    howpublished = "\url{https://fr.wikipedia.org/wiki/Indicateur_cl%C3%A9_de_performance}",
    note = "[En ligne; date d'accès 20-03-2017]"
}

@misc{Acteur,
    title = {{UML2 - de l'apprentissage à la pratique}},
    howpublished = "\url{http://laurent-audibert.developpez.com/Cours-UML/?page=diagramme-cas-utilisation}",
    note = "[En ligne; date d'accès 20-03-2017]"
}

@misc{AgileScrum,
    title = {{Présentation des méthodes agiles et Scrum}},
    howpublished = "\url{http://ineumann.developpez.com/tutoriels/alm/agile_scrum/}",
    note = "[En ligne; date d'accès 05-03-2017]"
}

@misc{AgileClassiqueCompare,
    title = {{La gestion de projet: méthodes classiques vs méthodes agiles}},
    howpublished = "\url{http://www.access-dev.com/access-dev/la-gestion-de-projet-methodes-classiques-vs-methodes-agiles/}",
    note = "[En ligne; date d'accès 05-03-2017]"
}

@misc{UMLDiagrams,
    title = {{Les différents types de diagrammes}},
    howpublished = "\url{https://openclassrooms.com/courses/debutez-l-analyse-logicielle-avec-uml/les-differents-types-de-diagrammes}",
    note = "[En ligne; date d'accès 27-02-2017]"
}

@misc{UMLIntroduction,
    title = {{UML, c'est quoi?}},
    howpublished = "\url{https://openclassrooms.com/courses/debutez-l-analyse-logicielle-avec-uml/uml-c-est-quoi}",
    note = "[En ligne; date d'accès 26-02-2017]"
}

@misc{SQL,
    title = {{SQL}},
    key = {3},
    howpublished = "\url{https://fr.wikipedia.org/wiki/Structured_Query_Language}",
    note = "[En ligne; date d'accès 26-02-2017]"
}

@misc{LinedataSolutions,
    key = {2},
    author = {Linedata},
    title = {{Linedata solutions}},
    howpublished = "\url{http://fr.linedata.com/solutions/}",
    note = "[En ligne; date d'accès 26-02-2017]"
}

@misc{LinedataHistoire,
    key = {1},
    author = {Linedata},
    title = {{Linedata history}},
    howpublished = "\url{http://fr.linedata.com/profil/notre-histoire/}",
    note = "[En ligne; date d'accès 26-02-2017]"
}

@misc{Agile,
    title = {{Méthode classique vs agile}},
    howpublished = "\url{http://www.access-dev.com/access-dev/la-gestion-de-projet-methodes-classiques-vs-methodes-agiles/}",
    note = "[En ligne; date d'accès 30-03-2017]"
}

@misc{Planning_sprint,
    title = {{Planning sprint}},
    howpublished = "\url{http://henrik-kniberg.developpez.com/livre/scrum-xp/?page=planning-sprint}",
    note = "[En ligne; date d'accès 09-04-2017]"
}

@misc{Estimation_planification_Agile,
    title = {{Estimation et planification Agile}},
    howpublished = "\url{https://fr.slideshare.net/yquenechdu/agile-session-2}",
    note = "[En ligne; date d'accès 09-04-2017]"
}